%%% Ejemplo de diferentes tipos de referencias blibliograficas

% Articulo
@article{vega19b,
  author = "Vega, Julio and Ca\~nas, J.M.",
  year = "2019",
  title = "{PyBoKids}: An Innovative Python-Based Educational Framework Using Real and Simulated {Arduino} Robots",
  journal = "Electronics",
  publisher = "MDPI",
  month = "August",
  volume = "8",
  pages = "899-915",
  doi = "10.3390/electronics8080899",
  issn = "2079-9292",
  ps = "https://www.sicma21.com/robots-industriales-tecnologia-y-aplicaciones/#Tipos_de_robots_industriales"
}

% Miscelanea: entrevista, recorte de periodico, etc.
@misc{vega19a,
  author = "Vega, Julio",
  howpublished = "URJC, on-line newspaper interview",
  place = "Madrid, Spain",
  title = "El profesor {Julio} {Vega}, finalista del concurso '{Ciencia} en {Acci\'on} 2019'",
  journal = "urjc.es",
  year = "2019",
  month = "July",
  http = "https://www.urjc.es/todas-las-noticias-de-actualidad/4478-el-profesor-julio-vega-finalista-del-concurso-ciencia-en-accion-2019"
}

% Tesis
@phdthesis{vega18b,
  author = "Vega, Julio",
  title = "Educational framework using robots with vision for constructivist teaching {Robotics} to pre-university students",
  type = "Doctoral thesis on Computer Science and Artificial Intelligence",
  school = "University of Alicante",
  year = "2018",
  month = "September",
  ps = "https://gsyc.urjc.es/jmvega/research/pubs/2018-Thesis-JulioVega.pdf",
  pdf = "https://gsyc.urjc.es/jmvega/research/pubs/2018-Thesis-Defense-JulioVega.pdf",
  dvi = "http://hdl.handle.net/10045/90414",
  http = "https://www.educacion.es/teseo/mostrarRef.do?ref=1704702"
}

% Congreso
@inproceedings{vega18a,
  author = "Vega, Julio",
  year = "2018",
  title = "{JdeRobot-Kids} framework for teaching robotics and vision algorithms",
  booktitle = "II jornada de investigaci\'on doctoral",
  publisher = "University of Alicante",
  month = "June",
  ps = "https://gsyc.urjc.es/jmvega/research/pubs/2018-posterUA-JdeRobotKidsFramework.pdf"
}

% Informe tecnico
@techreport{vega15,
  author = "Vega, Julio",
  howpublished = "Franciscanas Montpellier Schools, annual report",
  place = "Madrid, Spain",
  title = "De la tiza al robot",
  journal = "Franciscanas Montpellier Schools",
  year = "2015",
  month = "June",
  ps = "https://gsyc.urjc.es/jmvega/research/pubs/2015.06.01-CCFM-DeLaTizaAlRobot.pdf"
}

% Capitulo de libro
@inbook{vega12e,
  author = "Vega, Julio and Perdices, E. and Ca\~nas, J.M.",
  year = "2012",
  title = "Attentive visual memory for robot localization",
  isbn = "978-1-4666-2672-0 (hardcover)",
	booktitle = "Robotic Vision: Technologies for Machine Learning and Vision Applications",
	pages = "408-438",
  month = "September",
  publisher = "IGI Global, USA",
  note = "Text not available. This book is protected by copyright"
}

% Definición robótica industrial
@misc{definicion,
  author = "{Centro de la formación técnica para la industria}",
  year = "2024",
  title = "Automatización Industrial: Qué es y cómo funciona",
  month = "November",
   publisher = "aula 21",
  url = "https://www.cursosaula21.com/que-es-la-automatizacion-industrial/",
}

% Definición robótica industrial 2
@misc{niveles_automatizacion_2,
  author = "{SDI}",
  year = "2022",
  title = "¿Qué es la pirámide de la automatización?",
  month = "November",
   publisher = "SDI",
  url = "https://sdindustrial.com.mx/blog/piramide-de-automatizacion-que-es/#Nivel-de-planeacion",
}

% Niveles de automatizacion industrial
@misc{niveles_automatizacion_1,
  author = "{Sunt Automatización}",
  year = "2024",
  title = "3 niveles del proceso de automatización industrial",
  month = "May",
   publisher = "Sunt Automatización",
  url = "https://www.sunt.es/blog/3-niveles-del-proceso-de-automatizaci%C3%B3n-industrial",
}

% Tipos de robótica industrial 
@misc{tipos_industrial,
  author = "{neobotikstg}",
  year = "2021",
  title = " ¿Qué tipos de automatización industrial hay y cuáles necesitas?",
  month = "May",
   publisher = "Neobotik",
  url = "https://www.neobotik.com/tipos-de-automatizacion-industrial/",
}

% Ventajas y desventajas robótica industrial 1
@misc{des_ventajas_1,
  author = "{MCR}",
  year = "2016",
  title = "Ventajas y desventajas de la automatización industrial",
  month = "July",
   publisher = "MCR",
  url = "https://mcr.es/ventajas-y-desventajas-de-la-automatizacion-industrial/",
}

% Ventajas y desventajas robótica industrial 2
@misc{des_ventajas_2,
  author = "{Automatizacionindustrial360}",
  year = "2020",
  title = "Ventajas y desventajas de la automatización industrial",
  month = "May",
   publisher = "Automatizacionindustrial360",
  url = "https://automatizacionindustrial360.com/ventajas-y-desventajas/#google_vignette",
}

% Definición ISO robot industrial
@misc{definicion_iso,
  author = "{Robotnik}",
  year = "2022",
  title = "¿Qué es un robot industrial? Definición y características",
  month = "March",
   publisher = "Robotniks",
  url = "https://robotnik.eu/es/que-es-un-robot-industrial-definicion-y-caracteristicas/",
}

% Definicion robot industrial extensa 1
@misc{info_robotica_industrial_1,
  author = "{Unir}",
  year = "2021",
  title = "Robótica industrial: concepto, objetivo y principales aplicaciones",
  month = "June",
   publisher = "Unir",
  url = "https://www.unir.net/revista/ingenieria/robotica-industrial/",
}

% Definicion robot industrial extensa 2
@misc{info_robotica_industrial_2,
  author = "{Computing}",
  year = "2023",
  title = "Robótica industrial: Qué es, usos y aplicacioness",
  month = "June",
   publisher = "Computing",
  url = "https://www.unir.net/revista/ingenieria/robotica-industrial/",
}

% Tipos de ropots industriales 1
@misc{tipos_robots_1,
  author = "{Esneca}",
  year = "2020",
  title = "Tipos de robots industriales: clasificación y características",
  month = "June",
   publisher = "Esneca Business School",
  url = "https://www.esneca.lat/blog/tipos-robots-industriales-caracteristicas/",
}

% Tipos de ropots industriales 2
@misc{tipos_robots_2,
  author = "{Sicma21}",
  year = "2021",
  title = "Robots industriales: tecnología y aplicaciones",
  month = "October",
   publisher = "Sicma21",
  url = "https://www.sicma21.com/robots-industriales-tecnologia-y-aplicaciones/",
}

% Brazo industrial
@misc{brazo_industrial,
  author = "{MME}",
  year = "2023",
  title = "Brazo robótico industrial: características y aplicaciones",
   publisher = "MME",
  url = "https://todoembalaje.com/brazo-robotico-industrial.html?",
}

% intro union automatizacion y robotica
@misc{intro_union,
  author = "{MONDRAGON ENRIQUEZ ZULLY MONTSERRAT}",
  year = "2023",
  title = "Línea de tiempo: Evolución de la Robótica Industrial",
   publisher = "Sutori",
  url = "https://www.sutori.com/es/historia/linea-de-tiempo-evolucion-de-la-robotica-industrial--6w6pytow1tj3grr5scVKU1Ns",
}

% PLC
@misc{plc_info,
  author = "{GSL industrias}",
  year = "2021",
  title = "¿Qué es un PLC y cómo funciona?",
  publisher = "GSL industrias",
  month = "June",
  url = "https://industriasgsl.com/blogs/automatizacion/que-es-un-plc-y-como-funciona?srsltid=AfmBOopHqSQY4eRJ9kBWjrbpcG7dc-4p06f0-a3eriVAMbgTYK_tV5uU",
}

% Grafcet
@misc{grafcet_info,
  author = "{infoPLC.net}",
  year = "2020",
  title = "Lenguaje Grafcet - SFC",
  publisher = "infoPLC.net",
  url = "https://www.infoplc.net/files/documentacion/grafcet/infoplc_nt_ud3_t08_grafcet.pdf",
}

% Ladder
@misc{ladder_info,
  author = "{Iñigo Gútiez}",
  year = "2024",
  title = "Lenguaje KOP o Ladder: el más usado para programar PLC",
  publisher = "ProgramaciónSiemens.com",
  url = "https://programacionsiemens.com/lenguaje-kop-o-ladder/",
}

% Guia Gemma
@misc{guia_gemma,
  author = "{José A. Rodríguez Mondéjar}",
  year = "2022",
  title = "Guía GEMMA",
  publisher = "Infoplc.net",
  url = "https://www.infoplc.net/files/documentacion/grafcet/infoPLC_net_Guia_GEMMA.pdf",
}

% Intro comunicaciones
@misc{intro_com,
  author = "{Centro de la formación técnica para la industria}",
  year = "2021",
  title = "Redes de comunicación industrial: todo lo que debes saber",
   publisher = "aula 21",
  url = "https://www.cursosaula21.com/que-son-las-redes-de-comunicacion-industrial/",
}

% Info bus de campo
@misc{info_bus,
  author = "{aula 21}",
  year = "2020",
  title = "Qué es un Bus de Campo y para qué sirve",
   publisher = "aula 21",
  url = "https://www.cursosaula21.com/que-es-un-bus-de-campo/",
}

% ejemplos bus de campo
@misc{bus_vs_ethernet,
  author = "{Maisvch}",
  year = "2023",
  title = "Ethernet industrial frente a bus de campo: cómo navegar por el futuro de la comunicación industrial",
  publisher = "Maisvch",
  month = "October",
  url = "https://www.maisvch.com/es/blog/industrial-ethernet-vs-fieldbus/",
}

% ethernet industrial imagen
@misc{ethernet_imagen,
  author = "{PRECISION}",
  year = "2023",
  title = "La evolución de las Redes Industriales",
  publisher = "PRECISION",
  url = "https://blog.precision.tech/cl/redes-industriales/la-evolucion-de-las-redes-industriales",
}

% imagen niveles automatizacion
@misc{imagen_niveles_automatizacion,
  author = "{Omnielectric Web}",
  year = "2024",
  title = "La Pirámide De Automatización: Clave Para La Integración De Sistemas En Plantas Industriales",
  publisher = "Omnielectric Web",
  month = "July",
  url = "https://omnielectric.es/piramide-de-automatizacion/",
}

% definicion robot
@misc{definicion_robot,
  author = "{ferrovial}",
  year = "2022",
  title = "Robótica",
  publisher = "ferrovial",
  url = "https://www.ferrovial.com/es-es/innovacion/tecnologias/robotica/",
}

% HMI
@misc{hmi,
  author = "{Siemens}",
  year = "2024",
  title = "Human Machine Interface Systems/PC-based Automation",
  publisher = "Siemens",
  url = "https://cache.industry.siemens.com/dl/files/146/109744146/att_1294097/v1/simatic-st80-stpc-complete-english-2024.pdf",
}

% Sistema SCADA
@misc{scada,
  author = "{Autexopen}",
  year = "2022",
  title = "Qué es un sistema SCADA? Información completa",
  publisher = "Autexopen",
  month= "July",
  url = "https://www.autex-open.com/automatizacion-industrial/que-es-un-sistema-scada-informacion-completa/",
}

% img SCADA
@misc{scada_img,
  author = "{aula21}",
  year = "2023",
  title = "Qué es un sistema SCADA, para qué sirve y cómo funciona",
  publisher = "aula21",
  url = "https://www.cursosaula21.com/que-es-un-sistema-scada/",
}


% TFG
@mastersthesis{tfg_infgo,
  author = "Palacios Gonzalo, Andrea",
  title = "EL IMPACTO DE LA AUTOMATIZACI\'{o}N EN LA SUSTITUCI\'{o}N DE MANO DE OBRA HUMANA POR ROBOTS EN LA INDUSTRIA",
  type = "Master thesis on Computer Science",
  school = "Rey Juan Carlos University",
  year = "2024",
  month = "March",
  pdf = "https://burjcdigital.urjc.es/server/api/core/bitstreams/80cd7f76-b95f-42fe-a619-452f6968d7b8/content"
}
